<ENVELOPE><HEADER><TALLYREQUEST>Import Data</TALLYREQUEST></HEADER><BODY><IMPORTDATA><REQUESTDESC><REPORTNAME>Vouchers</REPORTNAME><STATICVARIABLES><SVCURRENTCOMPANY>POOJA CASTINGS PVT. LTD..</SVCURRENTCOMPANY></STATICVARIABLES></REQUESTDESC><REQUESTDATA><TALLYMESSAGE xmlns:UDF="TallyUDF"><VOUCHER REMOTEID="PV/17- 18  -TI-00000764" VCHTYPE="Purchase" Action="Create"><DATE>20170731</DATE><GUID>PV/17- 18  -TI-00000764</GUID><NARRATION>GRN No 1228  PROJECT CODE  NA  PO NO PCPL00030 BILL NO 381  / 19-07-2017 AIR GUN GENETICS MAKE AIR GUN GENETICS MAKE  QTY 5  RATE 315  HSN No 8428  SAC No 998932 | GRN No 1228  PROJECT CODE  NA  PO NO PCPL00067 BILL NO 381  / 19-07-2017 SPRAY GUN SPRAY GUN  QTY 10  RATE 360  HSN No 8424  SAC No 998932 | GRN No 1228  PROJECT CODE  NA  PO NO PCPL00067 BILL NO 381  / 19-07-2017 FILLER ROD IA4043-SIZE:2.4MM ALUMINIUM TIG FILLER ROD IA4043-SIZE:2.4MM ALUMINIUM TIG  QTY 18  RATE 520  HSN No 7605  SAC No 998932 | GRN No 1228  PROJECT CODE  NA  PO NO PCPL00317 BILL NO 381  / 19-07-2017 WELDING ROD CI 3.15 WELDING ROD CI 3.15  QTY 3  RATE 210  HSN No 8311  SAC No 998932 | GRN No 1228  PROJECT CODE  NA  PO NO PCPL00067 BILL NO 381  / 19-07-2017 MIRACLE TAPPING OIL MIRACLE TAPPING OIL  QTY 10  RATE 65  HSN No 3403  SAC No 998932 | </NARRATION><VOUCHERTYPENAME>Purchase</VOUCHERTYPENAME><VOUCHERNUMBER>PV/17- 18-764</VOUCHERNUMBER><REFERENCE> GIN No.1228 </REFERENCE><PARTYLEDGERNAME>Om Sai Enterprises</PARTYLEDGERNAME><CSTFORMISSUETYPE/><CSTFORMRECVTYPE/><FBTPAYMENTTYPE>Default</FBTPAYMENTTYPE><VCHGSTCLASS/><ENTEREDBY>1962</ENTEREDBY><DIFFACTUALQTY>No</DIFFACTUALQTY><AUDITED>No</AUDITED><FORJOBCOSTING>No</FORJOBCOSTING><ISOPTIONAL>No</ISOPTIONAL><EFFECTIVEDATE>20170731</EFFECTIVEDATE><USEFORINTEREST>No</USEFORINTEREST><USEFORGAINLOSS>No</USEFORGAINLOSS><USEFORGODOWNTRANSFER>No</USEFORGODOWNTRANSFER><USEFORCOMPOUND>No</USEFORCOMPOUND><ALTERID>764</ALTERID><EXCISEOPENING>No</EXCISEOPENING><ISCANCELLED>No</ISCANCELLED><HASCASHFLOW>No</HASCASHFLOW><ISPOSTDATED>No</ISPOSTDATED><USETRACKINGNUMBER>No</USETRACKINGNUMBER><ISINVOICE>No</ISINVOICE><MFGJOURNAL>No</MFGJOURNAL><HASDISCOUNTS>No</HASDISCOUNTS><ASPAYSLIP>No</ASPAYSLIP><ISDELETED>No</ISDELETED><ASORIGINAL>Yes</ASORIGINAL><ALLLEDGERENTRIES.LIST><LEDGERNAME>Om Sai Enterprises</LEDGERNAME><GSTCLASS/><ISDEEMEDPOSITIVE>No</ISDEEMEDPOSITIVE><LEDGERFROMITEM>No</LEDGERFROMITEM><REMOVEZEROENTRIES>No</REMOVEZEROENTRIES><ISPARTYLEDGER>Yes</ISPARTYLEDGER><AMOUNT>18726.70</AMOUNT><BILLALLOCATIONS.LIST><NAME>381-19-Jul-2017</NAME><BILLTYPE>New Ref</BILLTYPE><AMOUNT>18726.70</AMOUNT></BILLALLOCATIONS.LIST></ALLLEDGERENTRIES.LIST><ALLLEDGERENTRIES.LIST><LEDGERNAME>Purchase Spares &amp; Consumables</LEDGERNAME><GSTCLASS/><ISDEEMEDPOSITIVE>Yes</ISDEEMEDPOSITIVE><LEDGERFROMITEM>No</LEDGERFROMITEM><REMOVEZEROENTRIES>No</REMOVEZEROENTRIES><ISPARTYLEDGER>no</ISPARTYLEDGER><AMOUNT>-15185</AMOUNT></ALLLEDGERENTRIES.LIST><ALLLEDGERENTRIES.LIST><LEDGERNAME>Repairs &amp; Maint. Others</LEDGERNAME><GSTCLASS/><ISDEEMEDPOSITIVE>Yes</ISDEEMEDPOSITIVE><LEDGERFROMITEM>No</LEDGERFROMITEM><REMOVEZEROENTRIES>No</REMOVEZEROENTRIES><ISPARTYLEDGER>no</ISPARTYLEDGER><AMOUNT>-630</AMOUNT></ALLLEDGERENTRIES.LIST><ALLLEDGERENTRIES.LIST><LEDGERNAME>CGST ON PURCHASES 0  % </LEDGERNAME><GSTCLASS/><ISDEEMEDPOSITIVE>Yes</ISDEEMEDPOSITIVE><LEDGERFROMITEM>No</LEDGERFROMITEM><REMOVEZEROENTRIES>No</REMOVEZEROENTRIES><ISPARTYLEDGER>no</ISPARTYLEDGER><AMOUNT>-1455.85</AMOUNT></ALLLEDGERENTRIES.LIST><ALLLEDGERENTRIES.LIST><LEDGERNAME>SGST ON PURCHASES 0  % </LEDGERNAME><GSTCLASS/><ISDEEMEDPOSITIVE>Yes</ISDEEMEDPOSITIVE><LEDGERFROMITEM>No</LEDGERFROMITEM><REMOVEZEROENTRIES>No</REMOVEZEROENTRIES><ISPARTYLEDGER>no</ISPARTYLEDGER><AMOUNT>-1455.85</AMOUNT></ALLLEDGERENTRIES.LIST></VOUCHER></TALLYMESSAGE></REQUESTDATA></IMPORTDATA></BODY></ENVELOPE>