<ENVELOPE><HEADER><TALLYREQUEST>Import Data</TALLYREQUEST></HEADER><BODY><IMPORTDATA><REQUESTDESC><REPORTNAME>Voucher</REPORTNAME><STATICVARIABLES><SVCURRENTCOMPANY>JAYSHREE PISTONS PVT LTD</SVCURRENTCOMPANY></STATICVARIABLES></REQUESTDESC><REQUESTDATA><TALLYMESSAGE xmlns:UDF="TallyUDF"><VOUCHER REMOTEID="SMP2022-2023-TI-22-23J00461" VCHTYPE="Sales" Action="Create"><DATE>20220831</DATE><GUID>SMP2022-2023-TI-22-23J00461</GUID><NARRATION>CM000490-SCS02091-20 A W601 || INNER METAL ASSEMBLY ||Qty:- 1||Rate:- 20 </NARRATION><VOUCHERTYPENAME>SALES</VOUCHERTYPENAME><VOUCHERNUMBER>22-23J00461/22_23</VOUCHERNUMBER><REFERENCE>22-23J00461</REFERENCE><PARTYLEDGERNAME>Sujan ContiTech AVS Pvt Ltd.</PARTYLEDGERNAME><CSTFORMISSUETYPE/><CSTFORMRECVTYPE/><FBTPAYMENTTYPE>Default</FBTPAYMENTTYPE><VCHGSTCLASS/><ENTEREDBY>1962</ENTEREDBY><DIFFACTUALQTY>No</DIFFACTUALQTY><AUDITED>No</AUDITED><FORJOBCOSTING>No</FORJOBCOSTING><ISOPTIONAL>No</ISOPTIONAL><EFFECTIVEDATE>20220831</EFFECTIVEDATE><USEFORINTEREST>No</USEFORINTEREST><USEFORGAINLOSS>No</USEFORGAINLOSS><USEFORGODOWNTRANSFER>No</USEFORGODOWNTRANSFER><USEFORCOMPOUND>No</USEFORCOMPOUND><ALTERID>22-23J00461</ALTERID><EXCISEOPENING>No</EXCISEOPENING><ISCANCELLED>No</ISCANCELLED><HASCASHFLOW>No</HASCASHFLOW><ISPOSTDATED>No</ISPOSTDATED><USETRACKINGNUMBER>No</USETRACKINGNUMBER><ISINVOICE>No</ISINVOICE><MFGJOURNAL>No</MFGJOURNAL><HASDISCOUNTS>No</HASDISCOUNTS><ASPAYSLIP>No</ASPAYSLIP><ISDELETED>No</ISDELETED><ASORIGINAL>Yes</ASORIGINAL><ALLLEDGERENTRIES.LIST><LEDGERNAME>Sujan ContiTech AVS Pvt Ltd.</LEDGERNAME><GSTCLASS/><ISDEEMEDPOSITIVE>Yes</ISDEEMEDPOSITIVE><LEDGERFROMITEM>No</LEDGERFROMITEM><REMOVEZEROENTRIES>No</REMOVEZEROENTRIES><ISPARTYLEDGER>Yes</ISPARTYLEDGER><AMOUNT>-24.95</AMOUNT><BILLALLOCATIONS.LIST><NAME>22-23J00461-31-Aug-2022</NAME><BILLTYPE>New Ref</BILLTYPE><AMOUNT>-24.95</AMOUNT></BILLALLOCATIONS.LIST></ALLLEDGERENTRIES.LIST><ALLLEDGERENTRIES.LIST><LEDGERNAME>Sujan ContiTech AVS Sale</LEDGERNAME><GSTCLASS/><ISDEEMEDPOSITIVE>No</ISDEEMEDPOSITIVE><LEDGERFROMITEM>No</LEDGERFROMITEM><REMOVEZEROENTRIES>No</REMOVEZEROENTRIES><ISPARTYLEDGER>No</ISPARTYLEDGER><AMOUNT>19.51</AMOUNT></ALLLEDGERENTRIES.LIST><ALLLEDGERENTRIES.LIST><LEDGERNAME>CGST ON SALES 14% </LEDGERNAME><GSTCLASS/><ISDEEMEDPOSITIVE>No</ISDEEMEDPOSITIVE><LEDGERFROMITEM>No</LEDGERFROMITEM><REMOVEZEROENTRIES>No</REMOVEZEROENTRIES><ISPARTYLEDGER>No</ISPARTYLEDGER><AMOUNT>2.73</AMOUNT></ALLLEDGERENTRIES.LIST><ALLLEDGERENTRIES.LIST><LEDGERNAME>SGST ON SALES 14%</LEDGERNAME><GSTCLASS/><ISDEEMEDPOSITIVE>No</ISDEEMEDPOSITIVE><LEDGERFROMITEM>No</LEDGERFROMITEM><REMOVEZEROENTRIES>No</REMOVEZEROENTRIES><ISPARTYLEDGER>No</ISPARTYLEDGER><AMOUNT>2.73</AMOUNT></ALLLEDGERENTRIES.LIST><ALLLEDGERENTRIES.LIST><LEDGERNAME>TAX DEDUCTED AT SOURCE 194Q</LEDGERNAME><GSTCLASS/><ISDEEMEDPOSITIVE>Yes</ISDEEMEDPOSITIVE><LEDGERFROMITEM>No</LEDGERFROMITEM><REMOVEZEROENTRIES>No</REMOVEZEROENTRIES><ISPARTYLEDGER>no</ISPARTYLEDGER><AMOUNT>-0.02</AMOUNT></ALLLEDGERENTRIES.LIST></VOUCHER></TALLYMESSAGE></REQUESTDATA></IMPORTDATA></BODY></ENVELOPE>